@inproceedings{cabot2021rebel,
  author    = {Cabot, Pere-Llu{\'\i}s Huguet and Navigli, Roberto},
  booktitle = {Findings of the Association for Computational Linguistics: EMNLP 2021},
  pages     = {2370--2381},
  title     = {REBEL: Relation extraction by end-to-end language generation},
  year      = {2021}
}
@article{causal-tracing,
  author  = {Meng, Kevin and Bau, David and Andonian, Alex and Belinkov, Yonatan},
  journal = {Advances in Neural Information Processing Systems},
  pages   = {17359--17372},
  title   = {Locating and editing factual associations in GPT},
  volume  = {35},
  year    = {2022}
}
@article{gene-ontology,
  author  = {Ashburner, Michael and Ball, Catherine A. and Blake, Judith A. and Botstein, David and Butler, Heather and Cherry, J. Michael and Davis, Allan P. and Dolinski, Kara and Dwight, Selina S. and Eppig, Janan T. and Harris, Midori A. and Hill, David P. and Issel-Tarver, Laurie and Kasarskis, Andrew and Lewis, Suzanna and Matese, John C. and Richardson, Joel E. and Ringwald, Martin and Rubin, Gerald M. and Sherlock, Gavin},
  doi     = {10.1038/75556},
  issn    = {1546-1718},
  journal = {Nature Genetics},
  month   = may,
  number  = {1},
  pages   = {25--29},
  title   = {Gene {Ontology}: tool for the unification of biology},
  url     = {https://doi.org/10.1038/75556},
  volume  = {25},
  year    = {2000}
}
@article{gpt3,
  author  = {Brown, Tom and Mann, Benjamin and Ryder, Nick and Subbiah, Melanie and Kaplan, Jared D and Dhariwal, Prafulla and Neelakantan, Arvind and Shyam, Pranav and Sastry, Girish and Askell, Amanda and others},
  journal = {Advances in neural information processing systems},
  pages   = {1877--1901},
  title   = {Language models are few-shot learners},
  volume  = {33},
  year    = {2020}
}
@article{hearst,
  author    = {Hearst, Marti A},
  publisher = {Citeseer},
  title     = {Automated discovery of WordNet relations},
  year      = {1998}
}
@article{khadir2021ontology,
  author    = {Khadir, Ahlem Ch{\'e}rifa and Aliane, Hassina and Guessoum, Ahmed},
  journal   = {Computer Science Review},
  pages     = {100339},
  publisher = {Elsevier},
  title     = {Ontology learning: Grand tour and challenges},
  volume    = {39},
  year      = {2021}
}
@inproceedings{kietz,
  author = {Kietz, Joerg-Uwe and Maedche, Alexander and Volz, Raphael},
  title  = {A method for semi-automatic ontology acquisition from a corporate intranet},
  year   = {2000}
}
@inproceedings{llm-causal-graph,
  author    = {Long, Stephanie and Schuster, Tibor and Pich{\'e}, Alexandre},
  booktitle = {NeurIPS 2022 Workshop on Causality for Real-world Impact},
  title     = {Can Large Language Models Build Causal Graphs?},
  year      = {2022}
}
@article{llm-knowledge-base,
  author  = {Petroni, Fabio and Rockt{\"a}schel, Tim and Lewis, Patrick and Bakhtin, Anton and Wu, Yuxiang and Miller, Alexander H and Riedel, Sebastian},
  journal = {arXiv preprint arXiv:1909.01066},
  title   = {Language models as knowledge bases?},
  year    = {2019}
}
@article{llm-open-kg,
  author = {Wang, Chenguang and Liu, Xiao and Song, Dawn},
  title  = {Language Models are Open Knowledge Graphs},
  year   = {2020}
}
@article{llms4ol,
  archiveprefix = {arXiv},
  author        = {Hamed Babaei Giglou and Jennifer D'Souza and SÃ¶ren Auer},
  eprint        = {2307.16648},
  primaryclass  = {cs.AI},
  title         = {LLMs4OL: Large Language Models for Ontology Learning},
  year          = {2023}
}
@article{ol-as-translation,
  author    = {Petrucci, Giulio and Rospocher, Marco and Ghidini, Chiara},
  journal   = {Journal of Web Semantics},
  pages     = {66--82},
  publisher = {Elsevier},
  title     = {Expressive ontology learning as neural machine translation},
  volume    = {52},
  year      = {2018}
}
@article{ontology-eval,
  author = {Hlomani, Hlomani and Stacey, Deborah},
  title  = {Approaches, methods, metrics, measures, and subjectivity in ontology evaluation: A survey},
  year   = {2014}
}
@article{ontology-matching,
  author    = {Thi{\'e}blin, Elodie and Haemmerl{\'e}, Ollivier and Hernandez, Nathalie and Trojahn, Cassia},
  journal   = {Semantic Web},
  number    = {4},
  pages     = {689--727},
  publisher = {IOS Press},
  title     = {Survey on complex ontology matching},
  volume    = {11},
  year      = {2020}
}
@inproceedings{rnn-dl,
  author       = {Petrucci, Giulio and Ghidini, Chiara and Rospocher, Marco},
  booktitle    = {European knowledge acquisition workshop},
  organization = {Springer},
  pages        = {480--495},
  title        = {Ontology learning in the deep},
  year         = {2016}
}
@article{trajanoska2023enhancing,
  author  = {Trajanoska, Milena and Stojanov, Riste and Trajanov, Dimitar},
  journal = {arXiv preprint arXiv:2305.04676},
  title   = {Enhancing Knowledge Graph Construction Using Large Language Models},
  year    = {2023}
}
@article{umls,
  author    = {Bodenreider, Olivier},
  journal   = {Nucleic acids research},
  number    = {suppl\_1},
  pages     = {D267--D270},
  publisher = {Oxford University Press},
  title     = {The unified medical language system (UMLS): integrating biomedical terminology},
  volume    = {32},
  year      = {2004}
}
@article{yao2023exploring,
  author  = {Yao, Liang and Peng, Jiazhen and Mao, Chengsheng and Luo, Yuan},
  journal = {arXiv preprint arXiv:2308.13916},
  title   = {Exploring large language models for knowledge graph completion},
  year    = {2023}
}
