@article{trajanoska2023enhancing,
  title={Enhancing knowledge graph construction using large language models},
  author={Trajanoska, Milena and Stojanov, Riste and Trajanov, Dimitar},
  journal={arXiv preprint arXiv:2305.04676},
  year={2023}
}
@article{caufield2024structured,
  title={Structured prompt interrogation and recursive extraction of semantics (SPIRES): A method for populating knowledge bases using zero-shot learning},
  author={Caufield, J Harry and Hegde, Harshad and Emonet, Vincent and Harris, Nomi L and Joachimiak, Marcin P and Matentzoglu, Nicolas and Kim, HyeongSik and Moxon, Sierra and Reese, Justin T and Haendel, Melissa A and others},
  journal={Bioinformatics},
  volume={40},
  number={3},
  pages={btae104},
  year={2024},
  publisher={Oxford University Press}
}
@article{wang2020language,
  title={Language models are open knowledge graphs},
  author={Wang, Chenguang and Liu, Xiao and Song, Dawn},
  journal={arXiv preprint arXiv:2010.11967},
  year={2020}
}
@article{funk2023towards,
  title={Towards Ontology Construction with Language Models},
  author={Funk, Maurice and Hosemann, Simon and Jung, Jean Christoph and Lutz, Carsten},
  journal={arXiv preprint arXiv:2309.09898},
  year={2023}
}
@article{hearst1998automated,
  title={Automated discovery of WordNet relations},
  author={Hearst, Marti A},
  journal={WordNet: an electronic lexical database},
  volume={2},
  year={1998},
  publisher={Citeseer}
}
@inproceedings{petrucci2016ontology,
  title={Ontology learning in the deep},
  author={Petrucci, Giulio and Ghidini, Chiara and Rospocher, Marco},
  booktitle={European knowledge acquisition workshop},
  pages={480--495},
  year={2016},
  organization={Springer}
}
@article{petrucci2018expressive,
  title={Expressive ontology learning as neural machine translation},
  author={Petrucci, Giulio and Rospocher, Marco and Ghidini, Chiara},
  journal={Journal of Web Semantics},
  volume={52},
  pages={66--82},
  year={2018},
  publisher={Elsevier}
}
@inproceedings{babaei2023llms4ol,
  title={LLMs4OL: Large language models for ontology learning},
  author={Babaei Giglou, Hamed and D’Souza, Jennifer and Auer, S{\"o}ren},
  booktitle={International Semantic Web Conference},
  pages={408--427},
  year={2023},
  organization={Springer}
}
@article{petroni2019language,
  title={Language models as knowledge bases?},
  author={Petroni, Fabio and Rockt{\"a}schel, Tim and Lewis, Patrick and Bakhtin, Anton and Wu, Yuxiang and Miller, Alexander H and Riedel, Sebastian},
  journal={arXiv preprint arXiv:1909.01066},
  year={2019}
}
@article{yao2023exploring,
  title={Exploring large language models for knowledge graph completion},
  author={Yao, Liang and Peng, Jiazhen and Mao, Chengsheng and Luo, Yuan},
  journal={arXiv preprint arXiv:2308.13916},
  year={2023}
}
@article{roller2018hearst,
  title={Hearst patterns revisited: Automatic hypernym detection from large text corpora},
  author={Roller, Stephen and Kiela, Douwe and Nickel, Maximilian},
  journal={arXiv preprint arXiv:1806.03191},
  year={2018}
}
@article{milo2002network,
  title={Network motifs: simple building blocks of complex networks},
  author={Milo, Ron and Shen-Orr, Shai and Itzkovitz, Shalev and Kashtan, Nadav and Chklovskii, Dmitri and Alon, Uri},
  journal={Science},
  volume={298},
  number={5594},
  pages={824--827},
  year={2002},
  publisher={American Association for the Advancement of Science}
}
@article{shen2002network,
  title={Network motifs in the transcriptional regulation network of Escherichia coli},
  author={Shen-Orr, Shai S and Milo, Ron and Mangan, Shmoolik and Alon, Uri},
  journal={Nature genetics},
  volume={31},
  number={1},
  pages={64--68},
  year={2002},
  publisher={Nature Publishing Group}
}
@inproceedings{wu2019simplifying,
  title={Simplifying graph convolutional networks},
  author={Wu, Felix and Souza, Amauri and Zhang, Tianyi and Fifty, Christopher and Yu, Tao and Weinberger, Kilian},
  booktitle={International conference on machine learning},
  pages={6861--6871},
  year={2019},
  organization={PMLR}
}
@inproceedings{cabot2021rebel,
  title={REBEL: Relation extraction by end-to-end language generation},
  author={Cabot, Pere-Llu{\'\i}s Huguet and Navigli, Roberto},
  booktitle={Findings of the Association for Computational Linguistics: EMNLP 2021},
  pages={2370--2381},
  year={2021}
}
@inproceedings{sombatsrisomboon2003acquisition,
  title={Acquisition of hypernyms and hyponyms from the WWW},
  author={Sombatsrisomboon, Ratanachai and Matsuo, Yutaka and Ishizuka, Mitsuru},
  booktitle={Proceedings of the 2nd international workshop on active mining},
  year={2003}
}
@book{antoniou2004semantic,
  title={A semantic web primer},
  author={Antoniou, Grigoris and Van Harmelen, Frank},
  year={2004},
  publisher={MIT press}
}
@misc{Schema.org_2011,
    title={Schema.org},
    url={https://www.schema.org/},
    journal={Schema.org - Schema.org},
    author={Schema.org},
    year={2011}
}
@article{radivojac2013large,
  title={A large-scale evaluation of computational protein function prediction},
  author={Radivojac, Predrag and Clark, Wyatt T and Oron, Tal Ronnen and Schnoes, Alexandra M and Wittkop, Tobias and Sokolov, Artem and Graim, Kiley and Funk, Christopher and Verspoor, Karin and Ben-Hur, Asa and others},
  journal={Nature methods},
  volume={10},
  number={3},
  pages={221--227},
  year={2013},
  publisher={Nature Publishing Group}
}
@inproceedings{he2011hybrid,
  title={A hybrid approach for measuring semantic similarity between ontologies based on wordnet},
  author={He, Wei and Yang, Xiaoping and Huang, Dupei},
  booktitle={International Conference on Knowledge Science, Engineering and Management},
  pages={68--78},
  year={2011},
  organization={Springer}
}
@article{gruber1995toward,
  title={Toward principles for the design of ontologies used for knowledge sharing?},
  author={Gruber, Thomas R},
  journal={International journal of human-computer studies},
  volume={43},
  number={5-6},
  pages={907--928},
  year={1995},
  publisher={Elsevier}
}
@article{asim2018survey,
  title={A survey of ontology learning techniques and applications},
  author={Asim, Muhammad Nabeel and Wasim, Muhammad and Khan, Muhammad Usman Ghani and Mahmood, Waqar and Abbasi, Hafiza Mahnoor},
  journal={Database},
  volume={2018},
  pages={bay101},
  year={2018},
  publisher={Oxford University Press}
}
@inproceedings{karoui2004ontology,
  title={Ontology discovery from web pages: Application to tourism},
  author={Karoui, Lobna and Aufaure, Marie-Aude and Bennacer, Nacera},
  booktitle={In the Workshop of Knowledge Discovery and Ontologies},
  year={2004},
  organization={Citeseer}
}
@article{hazman2011survey,
  title={A survey of ontology learning approaches},
  author={Hazman, Maryam and El-Beltagy, Samhaa R and Rafea, Ahmed},
  journal={International Journal of Computer Applications},
  volume={22},
  number={9},
  pages={36--43},
  year={2011},
  publisher={International Journal of Computer Applications, 244 5 th Avenue,\# 1526, New~…}
}
@article{miller1995wordnet,
  title={WordNet: a lexical database for English},
  author={Miller, George A},
  journal={Communications of the ACM},
  volume={38},
  number={11},
  pages={39--41},
  year={1995},
  publisher={ACM New York, NY, USA}
}
@article{ashburner2000gene,
  title={Gene ontology: tool for the unification of biology},
  author={Ashburner, Michael and Ball, Catherine A and Blake, Judith A and Botstein, David and Butler, Heather and Cherry, J Michael and Davis, Allan P and Dolinski, Kara and Dwight, Selina S and Eppig, Janan T and others},
  journal={Nature genetics},
  volume={25},
  number={1},
  pages={25--29},
  year={2000},
  publisher={Nature Publishing Group}
}
@article{cimiano2005learning,
  title={Learning taxonomic relations from heterogeneous sources of evidence},
  author={Cimiano, Philipp and Pivk, Aleksander and Schmidt-Thieme, Lars and Staab, Steffen},
  journal={Ontology Learning from Text: Methods, evaluation and applications},
  volume={123},
  pages={59--73},
  year={2005},
  publisher={IOS Press, Amsterdam, The Netherlands}
}
@article{burton2005semiotic,
  title={A semiotic metrics suite for assessing the quality of ontologies},
  author={Burton-Jones, Andrew and Storey, Veda C and Sugumaran, Vijayan and Ahluwalia, Punit},
  journal={Data \& Knowledge Engineering},
  volume={55},
  number={1},
  pages={84--102},
  year={2005},
  publisher={Elsevier}
}
@inproceedings{ulanov2010monte,
  title={Monte Carlo study of taxonomy evaluation},
  author={Ulanov, Alexander and Shevlyakov, Georgy and Lyubomishchenko, Nikolay and Mehra, Pankaj and Polutin, Vladimir},
  booktitle={2010 Workshops on Database and Expert Systems Applications},
  pages={164--168},
  year={2010},
  organization={IEEE}
}
@inproceedings{brank2005survey,
  title={A survey of ontology evaluation techniques},
  author={Brank, Janez and Grobelnik, Marko and Mladenic, Dunja},
  booktitle={Proceedings of the conference on data mining and data warehouses (SiKDD 2005)},
  pages={166--170},
  year={2005},
  organization={Citeseer}
}
@inproceedings{raad2015survey,
  title={A survey on ontology evaluation methods},
  author={Raad, Joe and Cruz, Christophe},
  booktitle={Proceedings of the International Conference on Knowledge Engineering and Ontology Development, part of the 7th International Joint Conference on Knowledge Discovery, Knowledge Engineering and Knowledge Management},
  year={2015}
}
@InProceedings{maedche2002measuring,
author="Maedche, Alexander
and Staab, Steffen",
editor="G{\'o}mez-P{\'e}rez, Asunci{\'o}n
and Benjamins, V. Richard",
title="Measuring Similarity between Ontologies",
booktitle="Knowledge Engineering and Knowledge Management: Ontologies and the Semantic Web",
year="2002",
publisher="Springer Berlin Heidelberg",
address="Berlin, Heidelberg",
pages="251--263",
abstract="Ontologies now play an important role for many knowledge-intensive applications for which they provide a source of precisely defined terms. However, with their wide-spread usage there come problems concerning their proliferation. Ontology engineers or users frequently have a core ontology that they use, e.g., for browsing or querying data, but they need to extend it with, adapt it to, or compare it with the large set of other ontologies. For the task of detecting and retrieving relevant ontologies, one needs means for measuring the similarity between ontologies. We present a set of ontology similarity measures and a multiple-phase empirical evaluation.",
isbn="978-3-540-45810-4"
}
@article{Kashyap2005TaxaMinerAE,
  title={TaxaMiner: an experimentation framework for automated taxonomy bootstrapping},
  author={Vipul Kashyap and Cartic Ramakrishnan and Christopher Thomas and A. Sheth},
  journal={Int. J. Web Grid Serv.},
  year={2005},
  volume={1},
  pages={240-266},
  url={https://api.semanticscholar.org/CorpusID:5549251}
}
@article{Treeratpituk2013GraphbasedAT,
  title={Graph-based Approach to Automatic Taxonomy Generation (GraBTax)},
  author={Pucktada Treeratpituk and Madian Khabsa and C. Lee Giles},
  journal={ArXiv},
  year={2013},
  volume={abs/1307.1718},
  url={https://api.semanticscholar.org/CorpusID:8625171}
}
@article{Zavitsanos2011GoldSE,
  title={Gold Standard Evaluation of Ontology Learning Methods through Ontology Transformation and Alignment},
  author={Elias Zavitsanos and Georgios Paliouras and George A. Vouros},
  journal={IEEE Transactions on Knowledge and Data Engineering},
  year={2011},
  volume={23},
  pages={1635-1648},
  url={https://api.semanticscholar.org/CorpusID:15607684}
}
@inproceedings{Ehrig2005SimilarityFO,
  title={Similarity for Ontologies - A Comprehensive Framework},
  author={Marc Ehrig and Peter Haase and Mark Hefke and Nenad Stojanovi{\'c}},
  booktitle={European Conference on Information Systems},
  year={2005},
  url={https://api.semanticscholar.org/CorpusID:9982461}
}
@inproceedings{you2018graphrnn,
  title={Graphrnn: Generating realistic graphs with deep auto-regressive models},
  author={You, Jiaxuan and Ying, Rex and Ren, Xiang and Hamilton, William and Leskovec, Jure},
  booktitle={International conference on machine learning},
  pages={5708--5717},
  year={2018},
  organization={PMLR}
}
@inproceedings{goyal2020graphgen,
  title={Graphgen: A scalable approach to domain-agnostic labeled graph generation},
  author={Goyal, Nikhil and Jain, Harsh Vardhan and Ranu, Sayan},
  booktitle={Proceedings of The Web Conference 2020},
  pages={1253--1263},
  year={2020}
}
@article{sermanet2013overfeat,
  title={Overfeat: Integrated recognition, localization and detection using convolutional networks},
  author={Sermanet, Pierre and Eigen, David and Zhang, Xiang and Mathieu, Micha{\"e}l and Fergus, Rob and LeCun, Yann},
  journal={arXiv preprint arXiv:1312.6229},
  year={2013}
}
@inproceedings{kendall2018multi,
  title={Multi-task learning using uncertainty to weigh losses for scene geometry and semantics},
  author={Kendall, Alex and Gal, Yarin and Cipolla, Roberto},
  booktitle={Proceedings of the IEEE conference on computer vision and pattern recognition},
  pages={7482--7491},
  year={2018}
}
@article{caruana1997multitask,
  title={Multitask learning},
  author={Caruana, Rich},
  journal={Machine learning},
  volume={28},
  pages={41--75},
  year={1997},
  publisher={Springer}
}
@inproceedings{reimers-2019-sentence-bert,
    title = "Sentence-BERT: Sentence Embeddings using Siamese BERT-Networks",
    author = "Reimers, Nils and Gurevych, Iryna",
    booktitle = "Proceedings of the 2019 Conference on Empirical Methods in Natural Language Processing",
    month = "11",
    year = "2019",
    publisher = "Association for Computational Linguistics",
    url = "http://arxiv.org/abs/1908.10084",
}
@article{wang2020minilm,
  title={Minilm: Deep self-attention distillation for task-agnostic compression of pre-trained transformers},
  author={Wang, Wenhui and Wei, Furu and Dong, Li and Bao, Hangbo and Yang, Nan and Zhou, Ming},
  journal={Advances in Neural Information Processing Systems},
  volume={33},
  pages={5776--5788},
  year={2020}
}
@incollection{martello1987linear,
  title={Linear assignment problems},
  author={Martello, Silvano and Toth, Paolo},
  booktitle={North-Holland Mathematics Studies},
  volume={132},
  pages={259--282},
  year={1987},
  publisher={Elsevier}
}
@article{kuhn1955hungarian,
  title={The Hungarian method for the assignment problem},
  author={Kuhn, Harold W},
  journal={Naval research logistics quarterly},
  volume={2},
  number={1-2},
  pages={83--97},
  year={1955},
  publisher={Wiley Online Library}
}
@inproceedings{manning2014stanford,
  title={The Stanford CoreNLP natural language processing toolkit},
  author={Manning, Christopher D and Surdeanu, Mihai and Bauer, John and Finkel, Jenny Rose and Bethard, Steven and McClosky, David},
  booktitle={Proceedings of 52nd annual meeting of the association for computational linguistics: system demonstrations},
  pages={55--60},
  year={2014}
}
@article{jiang2023mistral,
  title={Mistral 7B},
  author={Jiang, Albert Q and Sablayrolles, Alexandre and Mensch, Arthur and Bamford, Chris and Chaplot, Devendra Singh and Casas, Diego de las and Bressand, Florian and Lengyel, Gianna and Lample, Guillaume and Saulnier, Lucile and others},
  journal={arXiv preprint arXiv:2310.06825},
  year={2023}
}
@article{holtzman2019curious,
  title={The curious case of neural text degeneration},
  author={Holtzman, Ari and Buys, Jan and Du, Li and Forbes, Maxwell and Choi, Yejin},
  journal={arXiv preprint arXiv:1904.09751},
  year={2019}
}
@article{hu2021lora,
  title={Lora: Low-rank adaptation of large language models},
  author={Hu, Edward J and Shen, Yelong and Wallis, Phillip and Allen-Zhu, Zeyuan and Li, Yuanzhi and Wang, Shean and Wang, Lu and Chen, Weizhu},
  journal={arXiv preprint arXiv:2106.09685},
  year={2021}
}
@article{gruber1993translation,
  title={A translation approach to portable ontology specifications},
  author={Gruber, Thomas R},
  journal={Knowledge acquisition},
  volume={5},
  number={2},
  pages={199--220},
  year={1993},
  publisher={Elsevier}
}
@inproceedings{cimiano2005text2onto,
  title={Text2onto: A framework for ontology learning and data-driven change discovery},
  author={Cimiano, Philipp and V{\"o}lker, Johanna},
  booktitle={International conference on application of natural language to information systems},
  pages={227--238},
  year={2005},
  organization={Springer}
}
@article{kaushik2018automatic,
  title={Automatic relationship extraction from agricultural text for ontology construction},
  author={Kaushik, Neha and Chatterjee, Niladri},
  journal={Information processing in agriculture},
  volume={5},
  number={1},
  pages={60--73},
  year={2018},
  publisher={Elsevier}
}
@book{buitelaar2005ontology,
  title={Ontology learning from text: methods, evaluation and applications},
  author={Buitelaar, Paul and Cimiano, Philipp and Magnini, Bernardo},
  volume={123},
  year={2005},
  publisher={IOS press}
}
@article{devlin2018bert,
  title={Bert: Pre-training of deep bidirectional transformers for language understanding},
  author={Devlin, Jacob and Chang, Ming-Wei and Lee, Kenton and Toutanova, Kristina},
  journal={arXiv preprint arXiv:1810.04805},
  year={2018}
}
@article{kipf2016semi,
  title={Semi-supervised classification with graph convolutional networks},
  author={Kipf, Thomas N and Welling, Max},
  journal={arXiv preprint arXiv:1609.02907},
  year={2016}
}
@article{conneau2017supervised,
  title={Supervised learning of universal sentence representations from natural language inference data},
  author={Conneau, Alexis and Kiela, Douwe and Schwenk, Holger and Barrault, Lo{\"\i}c and Bordes, Antoine},
  journal={arXiv preprint arXiv:1705.02364},
  year={2017}
}
@inproceedings{donahue2015long,
  title={Long-term recurrent convolutional networks for visual recognition and description},
  author={Donahue, Jeffrey and Anne Hendricks, Lisa and Guadarrama, Sergio and Rohrbach, Marcus and Venugopalan, Subhashini and Saenko, Kate and Darrell, Trevor},
  booktitle={Proceedings of the IEEE conference on computer vision and pattern recognition},
  pages={2625--2634},
  year={2015}
}
